@article{myref,
  author = {Mahdi Ben Slima},
  title = {An Important Article},
  journal = {Journal of Examples},
  year = {2025}
}
@misc{docker-docs,
  title = {Docker Documentation},
  url = {https://docs.docker.com/},
  note = {Accessed 2024-06-30}
}

@misc{kubernetes-docs,
  title = {Kubernetes Documentation},
  url = {https://kubernetes.io/docs/},
  note = {Accessed 2024-06-30}
}

@article{merkel2014docker,
  author = {Merkel, Dirk},
  title = {Docker: lightweight Linux containers for consistent development and deployment},
  journal = {Linux Journal},
  year = {2014},
  number = {239},
  pages = {2}
}

@book{turnbull2014docker,
  author = {Turnbull, James},
  title = {The Docker Book},
  publisher = {James Turnbull Publishing},
  year = {2014}
}

% @book{humble2010continuousdelivery,
%   author = {Humble, Jez and Farley, David},
%   title = {Continuous Delivery: Reliable Software Releases through Build, Test, and Deployment Automation},
%   publisher = {Addison-Wesley},
%   year = {2010}
% }

% @article{merkel2014docker,
%   author = {Merkel, Dirk},
%   title = {Docker: Lightweight Linux Containers for Consistent Development and Deployment},
%   journal = {Linux Journal},
%   year = {2014},
%   volume = {2014},
%   number = {239},
%   pages = {2}
% }

% @book{kief2018terraform,
%   author = {Kief Morris},
%   title = {Terraform: Up and Running},
%   publisher = {O'Reilly Media},
%   edition = {2nd},
%   year = {2018}
% }

% @misc{weaveworksgitops,
%   author = {Weaveworks},
%   title = {GitOps – Operations by Pull Request},
%   howpublished = {\url{https://www.weave.works/technologies/gitops/}},
%   year = {2017},
%   note = {Consulté en 2025}
% }

% @book{srebook,
%   author = {Beyer, Betsy and Jones, Chris and Petoff, Jennifer and Murphy, Niall Richard},
%   title = {Site Reliability Engineering: How Google Runs Production Systems},
%   publisher = {O'Reilly Media},
%   year = {2016}
% }

% @techreport{nistzerotrust,
%   author = {Rose, Scott and Borchert, Oliver and Mitchell, Stu and Connelly, Sean},
%   title = {Zero Trust Architecture},
%   institution = {National Institute of Standards and Technology},
%   number = {Special Publication 800-207},
%   year = {2020},
%   doi = {10.6028/NIST.SP.800-207}
% }

% @misc{hashicorpvault,
%   author = {HashiCorp},
%   title = {Vault Documentation},
%   howpublished = {\url{https://www.vaultproject.io/docs}},
%   year = {2021},
%   note = {Consulté en 2025}
% }

% @misc{cncfkubernetes,
%   author = {Cloud Native Computing Foundation},
%   title = {Kubernetes Documentation},
%   howpublished = {\url{https://kubernetes.io/docs/}},
%   year = {2021},
%   note = {Consulté en 2025}
% }
